@misc{game:MissionControl,
title = "{Mission Control}",
organisation = "Atari, Inc",
year = "1980"
}

@misc{game:SpaceInvaders,
title = "{Space Invaders}",
organisation = "Taito",
year = "1980"
}

@misc{game:Asteroids,
title = "Asteroids",
organisation = "Atari, Inc",
year = "1981"
}

@online{ChrisKohler2009,
author = " Chris Kohler",
organization = "WIRED",
title = "Playing the SG-1000, Sega's First Game Machine",
url = "http://www.wired.com/2009/10/sega-sg-1000/",
urldate = "2015-10-16",
year = "2009",
month = "10",
day = "02"
}
@book{Kent2010Chapter17,
author = "Steven Kent",
publisher = "Crown/Archetype. Copyright.",
title = "The Ultimate History of Video Games: from Pong to Pokemon and beyond...the ...",
url = "https://books.google.co.uk/books?hl=en\&lr=\&id=PTrcTeAqeaEC\&oi=fnd\&pg=PT9\&dq=games+console+atari\&ots=amFr-5\_Xba\&sig=V6TcElQFtMqlC34-5kOqigxYzto\#v=onepage\&q=atari\&f=false",
urldate = "2015-10-16",
year = "2010",
month = "06",
day = "16"
}
@book{Kent2010TheBattle,
author = "Steven Kent",
publisher = "Crown/Archetype. Copyright.",
title = "The ultimate history of video games: From pong to Pokemon and beyond...the ..",
url = "https://books.google.co.uk/books?hl=en\&lr=\&id=PTrcTeAqeaEC\&oi=fnd\&pg=PT9\&dq=kent+2001+ultimate+history\&ots=amFs48ZVe7\&sig=0OzA9zYHYzDxfzgtChVZflLa\_uA\#v=onepage\&q=kent\%202001\%20ultimate\%20history\&f=false",
urldate = "2015-11-02",
year = "2010",
month = "06",
day = "16"
}
@book{Loguidice2014,
author = "Bill Loguidice and Matt Barton",
publisher = "CRC Press",
title = "Vintage Game Consoles: An Inside Look at Apple, Atari, Commodore, Nintendo ...",
url = "https://books.google.co.uk/books?id=wZnpAgAAQBAJ\&pg=PA141\&lpg=PA141\&dq=nintendo+recalls+platform+famicom\&source=bl\&ots=ig\_PZ4JVEo\&sig=UyFT6iBNGcEnRK6KVj5rEpwMbng\&hl=en\&sa=X\&ved=0CFYQ6AEwCWoVChMIlp2m1dfFyAIVyEAaCh0EaAtj\#v=onepage\&q=recall\&f=false",
urldate = "2015-10-16",
year = "2014",
month = "02",
day = "24"
}
@book{Pettus2013,
author = "Sam Pettus and David Munoz and Kevin Williams and Ivan Barroso",
publisher = "Google Books",
title = "Service Games: The Rise and Fall of SEGA: Enhanced Edition",
url = "https://books.google.co.uk/books?id=DbFxAgAAQBAJ\&pg=PA188\&lpg=PA188\&dq=SEGA+established+a+new+console+R\%26D+division\&source=bl\&ots=fkuWQbBisQ\&sig=tvC8RIAmRL\_i36nt-njUv6A3K-E\&hl=en\&sa=X\&ved=0CFIQ6AEwCGoVChMI3a6m077ByAIVQ1saCh3FfwGU\#v=onepage\&q=SEGA\%20established\%20a\%20new\%20console\%20R\%26D\%20division\&f=false",
urldate = "2015-10-16",
year = "2013",
month = "12",
day = "20"
}
@book{Rutter2006,
author = "Jason Rutter and Jo Bryce",
publisher = "SAGE",
title = "Understanding Digital Games",
url = "https://books.google.co.uk/books?hl=en\&lr=\&id=Ji3baoCZL8gC\&oi=fnd\&pg=PA58\&dq=release+of+atari+2nd+gen\&ots=bS1E5fNOyO\&sig=oDA77n076irFOh6UuAF9zOs7pC4\#v=onepage\&q\&f=false",
urldate = "2015-10-16",
year = "2006",
month = "04",
day = "20"
}
@online{SegaRetro,
organization = "Sega Retro",
title = "{Sega Retro SG-1000}",
url = "https://www.segaretro.org/SG-1000",
urldate = "2015-11-02"
}
@article{Sutton1986,
author = "Robert I. Sutton and Kathleen M. Eisenhardt and James V. Jucker",
journal = "Organizational Dynamics",
doi = "10.1016/0090-2616(86)90041-0",
number = "4",
pages = "17â€“29",
publisher = "Elsevier",
title = "Managing organizational decline: Lessons from Atari",
url = "http://www.sciencedirect.com/science/article/pii/0090261686900410",
volume = "14",
urldate = "2015-10-16",
year = "1986",
month = "01",
day = "01"
}
@online{SegaSG-1000,
title = "{Sega SG-1000 Owners Manual}",
url = "http://www.videogameconsolelibrary.com/images/Manuals/83\_Sega\_SG-1000\_Owner\_Manual.pdf",
urldate = "2015-11-02"
}
@online{VideoGameConsoleLibrary,
organization = "Video Game Console Library",
title = "Video Game Console Library",
url = "http://www.videogameconsolelibrary.com/pg80-sg1000.htm\#page=specs",
urldate = "2015-10-16",
year = "2014",
month = "03",
day = "14"
}
@book{Wolf2008,
author = "Mark J. P. Wolf",
publisher = "ABC-CLIO",
title = "The Video Game Explosion: A History from PONG to Playstation and Beyond",
url = "https://books.google.co.uk/books?hl=en\&lr=\&id=XiM0ntMybNwC\&oi=fnd\&pg=PR5\&dq=game+consoles+history\&ots=1XttugwpKo\&sig=YE-IONmODVsusj0DaGSZlNKfsL0\#v=onepage\&q=crash\&f=false",
urldate = "2015-10-16",
year = "2008"
}
@book{Wolf2012,
author = "Mark J. P. Wolf",
publisher = "Wayne State University Press",
title = "Before the crash: Early video game history",
url = "https://books.google.co.uk/books?hl=en\&lr=\&id=oK3D4i5ldKgC\&oi=fnd\&pg=PP1\&dq=before+the+crash+early\&ots=kCELNgT2Q\_\&sig=M9xVQRkPUc23jM8oZZK9iP5vARU\#v=snippet\&q=quaker\%20oats\&f=false",
urldate = "2015-11-02",
year = "2012",
month = "06",
day = "15"
}
